% Encoding: UTF-8

@WWW{KOH01,
  author     = {Kohm, M.},
  title      = {{KOMA-Script}},
  year       = {2019},
  date       = {2019-02-01},
  url        = {http://mirrors.ibiblio.org/CTAN/macros/latex/contrib/koma-script/doc/scrguide.pdf},
  titleaddon = {ein wandelbares LATEX 2-Paket},
  urldate    = {2019-07-17},
}

@WWW{CEU01,
  author       = {{Central European University}},
  title        = {{TeX in CEU}},
  url          = {http://www.personal.ceu.hu/tex/},
  organization = {Central European University},
  urldate      = {2019-07-17},
}

@WWW{TEXWELT01,
  author     = {Texwelt},
  title      = {{Was ist der Unterschied zwischen \textbackslash, \textbackslash newline und \textbackslash linebreak?}},
  year       = {2019},
  date       = {2014-03-25},
  url        = {https://texwelt.de},
  titleaddon = {ein wandelbares LATEX 2-Paket},
  urldate    = {2019-07-17},
}

@Comment{jabref-meta: databaseType:biblatex;}
