% Encoding: UTF-8

@WWW{KOH01,
  author     = {Markus Kohm},
  title      = {KOMA-Script},
  year       = {2019},
  date       = {2019-07-10},
  url        = {http://mirrors.ibiblio.org/CTAN/macros/latex/contrib/koma-script/doc/scrguide.pdf},
  titleaddon = {ein wandelbares LATEX 2-Paket},
}

@WWW{CEU01,
  author = {Central European University},
  editor = {Central European University},
  title  = {http://www.personal.ceu.hu/tex/},
  date   = {2019-07-10},
  url    = {http://www.personal.ceu.hu/tex/},
}

@Comment{jabref-meta: databaseType:biblatex;}
